%YAML 1.1
%TAG !u! tag:unity3d.com,2011:
--- !u!29 &1
OcclusionCullingSettings:
  m_ObjectHideFlags: 0
  serializedVersion: 2
  m_OcclusionBakeSettings:
    smallestOccluder: 5
    smallestHole: 0.25
    backfaceThreshold: 100
  m_SceneGUID: 00000000000000000000000000000000
  m_OcclusionCullingData: {fileID: 0}
--- !u!104 &2
RenderSettings:
  m_ObjectHideFlags: 0
  serializedVersion: 9
  m_Fog: 0
  m_FogColor: {r: 0.5, g: 0.5, b: 0.5, a: 1}
  m_FogMode: 3
  m_FogDensity: 0.01
  m_LinearFogStart: 0
  m_LinearFogEnd: 300
  m_AmbientSkyColor: {r: 0.212, g: 0.227, b: 0.259, a: 1}
  m_AmbientEquatorColor: {r: 0.114, g: 0.125, b: 0.133, a: 1}
  m_AmbientGroundColor: {r: 0.047, g: 0.043, b: 0.035, a: 1}
  m_AmbientIntensity: 1
  m_AmbientMode: 0
  m_SubtractiveShadowColor: {r: 0.42, g: 0.478, b: 0.627, a: 1}
  m_SkyboxMaterial: {fileID: 10304, guid: 0000000000000000f000000000000000, type: 0}
  m_HaloStrength: 0.5
  m_FlareStrength: 1
  m_FlareFadeSpeed: 3
  m_HaloTexture: {fileID: 0}
  m_SpotCookie: {fileID: 10001, guid: 0000000000000000e000000000000000, type: 0}
  m_DefaultReflectionMode: 0
  m_DefaultReflectionResolution: 128
  m_ReflectionBounces: 1
  m_ReflectionIntensity: 1
  m_CustomReflection: {fileID: 0}
  m_Sun: {fileID: 0}
  m_IndirectSpecularColor: {r: 0, g: 0, b: 0, a: 1}
  m_UseRadianceAmbientProbe: 0
--- !u!157 &3
LightmapSettings:
  m_ObjectHideFlags: 0
  serializedVersion: 12
  m_GIWorkflowMode: 0
  m_GISettings:
    serializedVersion: 2
    m_BounceScale: 1
    m_IndirectOutputScale: 1
    m_AlbedoBoost: 1
    m_EnvironmentLightingMode: 0
    m_EnableBakedLightmaps: 1
    m_EnableRealtimeLightmaps: 1
  m_LightmapEditorSettings:
    serializedVersion: 12
    m_Resolution: 2
    m_BakeResolution: 40
    m_AtlasSize: 1024
    m_AO: 0
    m_AOMaxDistance: 1
    m_CompAOExponent: 1
    m_CompAOExponentDirect: 0
    m_ExtractAmbientOcclusion: 0
    m_Padding: 2
    m_LightmapParameters: {fileID: 0}
    m_LightmapsBakeMode: 1
    m_TextureCompression: 1
    m_FinalGather: 0
    m_FinalGatherFiltering: 1
    m_FinalGatherRayCount: 256
    m_ReflectionCompression: 2
    m_MixedBakeMode: 2
    m_BakeBackend: 0
    m_PVRSampling: 1
    m_PVRDirectSampleCount: 32
    m_PVRSampleCount: 500
    m_PVRBounces: 2
    m_PVREnvironmentSampleCount: 500
    m_PVREnvironmentReferencePointCount: 2048
    m_PVRFilteringMode: 2
    m_PVRDenoiserTypeDirect: 0
    m_PVRDenoiserTypeIndirect: 0
    m_PVRDenoiserTypeAO: 0
    m_PVRFilterTypeDirect: 0
    m_PVRFilterTypeIndirect: 0
    m_PVRFilterTypeAO: 0
    m_PVREnvironmentMIS: 0
    m_PVRCulling: 1
    m_PVRFilteringGaussRadiusDirect: 1
    m_PVRFilteringGaussRadiusIndirect: 5
    m_PVRFilteringGaussRadiusAO: 2
    m_PVRFilteringAtrousPositionSigmaDirect: 0.5
    m_PVRFilteringAtrousPositionSigmaIndirect: 2
    m_PVRFilteringAtrousPositionSigmaAO: 1
    m_ExportTrainingData: 0
    m_TrainingDataDestination: TrainingData
    m_LightProbeSampleCountMultiplier: 4
  m_LightingDataAsset: {fileID: 0}
  m_LightingSettings: {fileID: 4890085278179872738, guid: 00d23d74caec8d3439f7c1b6e5ddfc6a,
    type: 2}
--- !u!196 &4
NavMeshSettings:
  serializedVersion: 2
  m_ObjectHideFlags: 0
  m_BuildSettings:
    serializedVersion: 2
    agentTypeID: 0
    agentRadius: 0.5
    agentHeight: 2
    agentSlope: 45
    agentClimb: 0.4
    ledgeDropHeight: 0
    maxJumpAcrossDistance: 0
    minRegionArea: 2
    manualCellSize: 0
    cellSize: 0.16666667
    manualTileSize: 0
    tileSize: 256
    accuratePlacement: 0
    maxJobWorkers: 0
    preserveTilesOutsideBounds: 0
    debug:
      m_Flags: 0
  m_NavMeshData: {fileID: 0}
--- !u!1001 &57980426
PrefabInstance:
  m_ObjectHideFlags: 0
  serializedVersion: 2
  m_Modification:
    m_TransformParent: {fileID: 1896825302}
    m_Modifications:
    - target: {fileID: 1958771366807446, guid: 3d0f7a43bfbc81f45a97ce24584d32d5, type: 3}
      propertyPath: m_Name
      value: obstacle (1)
      objectReference: {fileID: 0}
    - target: {fileID: 4747531631109800, guid: 3d0f7a43bfbc81f45a97ce24584d32d5, type: 3}
      propertyPath: m_LocalPosition.x
      value: 18.3
      objectReference: {fileID: 0}
    - target: {fileID: 4747531631109800, guid: 3d0f7a43bfbc81f45a97ce24584d32d5, type: 3}
      propertyPath: m_LocalPosition.y
      value: -9.1
      objectReference: {fileID: 0}
    - target: {fileID: 4747531631109800, guid: 3d0f7a43bfbc81f45a97ce24584d32d5, type: 3}
      propertyPath: m_LocalPosition.z
      value: 0
      objectReference: {fileID: 0}
    - target: {fileID: 4747531631109800, guid: 3d0f7a43bfbc81f45a97ce24584d32d5, type: 3}
      propertyPath: m_LocalRotation.x
      value: -0
      objectReference: {fileID: 0}
    - target: {fileID: 4747531631109800, guid: 3d0f7a43bfbc81f45a97ce24584d32d5, type: 3}
      propertyPath: m_LocalRotation.y
      value: -0
      objectReference: {fileID: 0}
    - target: {fileID: 4747531631109800, guid: 3d0f7a43bfbc81f45a97ce24584d32d5, type: 3}
      propertyPath: m_LocalRotation.z
      value: -0
      objectReference: {fileID: 0}
    - target: {fileID: 4747531631109800, guid: 3d0f7a43bfbc81f45a97ce24584d32d5, type: 3}
      propertyPath: m_LocalRotation.w
      value: 1
      objectReference: {fileID: 0}
    - target: {fileID: 4747531631109800, guid: 3d0f7a43bfbc81f45a97ce24584d32d5, type: 3}
      propertyPath: m_RootOrder
      value: 6
      objectReference: {fileID: 0}
    - target: {fileID: 4747531631109800, guid: 3d0f7a43bfbc81f45a97ce24584d32d5, type: 3}
      propertyPath: m_LocalScale.y
      value: 4
      objectReference: {fileID: 0}
    - target: {fileID: 114721404689297260, guid: 3d0f7a43bfbc81f45a97ce24584d32d5,
        type: 3}
      propertyPath: axis.y
      value: 1
      objectReference: {fileID: 0}
    - target: {fileID: 114721404689297260, guid: 3d0f7a43bfbc81f45a97ce24584d32d5,
        type: 3}
      propertyPath: how_far
      value: 6
      objectReference: {fileID: 0}
    - target: {fileID: 114721404689297260, guid: 3d0f7a43bfbc81f45a97ce24584d32d5,
        type: 3}
      propertyPath: cycle_time
      value: 3
      objectReference: {fileID: 0}
    - target: {fileID: 114721404689297260, guid: 3d0f7a43bfbc81f45a97ce24584d32d5,
        type: 3}
      propertyPath: moves
      value: 1
      objectReference: {fileID: 0}
    m_RemovedComponents: []
  m_SourcePrefab: {fileID: 100100000, guid: 3d0f7a43bfbc81f45a97ce24584d32d5, type: 3}
--- !u!4 &57980427 stripped
Transform:
  m_CorrespondingSourceObject: {fileID: 4747531631109800, guid: 3d0f7a43bfbc81f45a97ce24584d32d5,
    type: 3}
  m_PrefabInstance: {fileID: 57980426}
  m_PrefabAsset: {fileID: 0}
--- !u!1001 &59268149
PrefabInstance:
  m_ObjectHideFlags: 0
  serializedVersion: 2
  m_Modification:
    m_TransformParent: {fileID: 1896825302}
    m_Modifications:
    - target: {fileID: 1958771366807446, guid: 3d0f7a43bfbc81f45a97ce24584d32d5, type: 3}
      propertyPath: m_Name
      value: obstacle (2)
      objectReference: {fileID: 0}
    - target: {fileID: 4747531631109800, guid: 3d0f7a43bfbc81f45a97ce24584d32d5, type: 3}
      propertyPath: m_LocalPosition.x
      value: -4.4
      objectReference: {fileID: 0}
    - target: {fileID: 4747531631109800, guid: 3d0f7a43bfbc81f45a97ce24584d32d5, type: 3}
      propertyPath: m_LocalPosition.y
      value: -9.4
      objectReference: {fileID: 0}
    - target: {fileID: 4747531631109800, guid: 3d0f7a43bfbc81f45a97ce24584d32d5, type: 3}
      propertyPath: m_LocalPosition.z
      value: 0
      objectReference: {fileID: 0}
    - target: {fileID: 4747531631109800, guid: 3d0f7a43bfbc81f45a97ce24584d32d5, type: 3}
      propertyPath: m_LocalRotation.x
      value: -0
      objectReference: {fileID: 0}
    - target: {fileID: 4747531631109800, guid: 3d0f7a43bfbc81f45a97ce24584d32d5, type: 3}
      propertyPath: m_LocalRotation.y
      value: -0
      objectReference: {fileID: 0}
    - target: {fileID: 4747531631109800, guid: 3d0f7a43bfbc81f45a97ce24584d32d5, type: 3}
      propertyPath: m_LocalRotation.z
      value: -0
      objectReference: {fileID: 0}
    - target: {fileID: 4747531631109800, guid: 3d0f7a43bfbc81f45a97ce24584d32d5, type: 3}
      propertyPath: m_LocalRotation.w
      value: 1
      objectReference: {fileID: 0}
    - target: {fileID: 4747531631109800, guid: 3d0f7a43bfbc81f45a97ce24584d32d5, type: 3}
      propertyPath: m_RootOrder
      value: 9
      objectReference: {fileID: 0}
    - target: {fileID: 4747531631109800, guid: 3d0f7a43bfbc81f45a97ce24584d32d5, type: 3}
      propertyPath: m_LocalScale.y
      value: 4
      objectReference: {fileID: 0}
    - target: {fileID: 114721404689297260, guid: 3d0f7a43bfbc81f45a97ce24584d32d5,
        type: 3}
      propertyPath: axis.y
      value: 1
      objectReference: {fileID: 0}
    - target: {fileID: 114721404689297260, guid: 3d0f7a43bfbc81f45a97ce24584d32d5,
        type: 3}
      propertyPath: how_far
      value: 6
      objectReference: {fileID: 0}
    - target: {fileID: 114721404689297260, guid: 3d0f7a43bfbc81f45a97ce24584d32d5,
        type: 3}
      propertyPath: cycle_time
      value: 3
      objectReference: {fileID: 0}
    - target: {fileID: 114721404689297260, guid: 3d0f7a43bfbc81f45a97ce24584d32d5,
        type: 3}
      propertyPath: moves
      value: 1
      objectReference: {fileID: 0}
    m_RemovedComponents: []
  m_SourcePrefab: {fileID: 100100000, guid: 3d0f7a43bfbc81f45a97ce24584d32d5, type: 3}
--- !u!4 &59268150 stripped
Transform:
  m_CorrespondingSourceObject: {fileID: 4747531631109800, guid: 3d0f7a43bfbc81f45a97ce24584d32d5,
    type: 3}
  m_PrefabInstance: {fileID: 59268149}
  m_PrefabAsset: {fileID: 0}
--- !u!1001 &566325327
PrefabInstance:
  m_ObjectHideFlags: 0
  serializedVersion: 2
  m_Modification:
    m_TransformParent: {fileID: 1896825302}
    m_Modifications:
    - target: {fileID: 4832862163055628, guid: 8714175e6bc473943acf254657e23e82, type: 3}
      propertyPath: m_LocalPosition.x
      value: -11.547428
      objectReference: {fileID: 0}
    - target: {fileID: 4832862163055628, guid: 8714175e6bc473943acf254657e23e82, type: 3}
      propertyPath: m_LocalPosition.y
      value: -9.511007
      objectReference: {fileID: 0}
    - target: {fileID: 4832862163055628, guid: 8714175e6bc473943acf254657e23e82, type: 3}
      propertyPath: m_LocalPosition.z
      value: 0
      objectReference: {fileID: 0}
    - target: {fileID: 4832862163055628, guid: 8714175e6bc473943acf254657e23e82, type: 3}
      propertyPath: m_LocalRotation.x
      value: -0
      objectReference: {fileID: 0}
    - target: {fileID: 4832862163055628, guid: 8714175e6bc473943acf254657e23e82, type: 3}
      propertyPath: m_LocalRotation.y
      value: -0
      objectReference: {fileID: 0}
    - target: {fileID: 4832862163055628, guid: 8714175e6bc473943acf254657e23e82, type: 3}
      propertyPath: m_LocalRotation.z
      value: -0
      objectReference: {fileID: 0}
    - target: {fileID: 4832862163055628, guid: 8714175e6bc473943acf254657e23e82, type: 3}
      propertyPath: m_LocalRotation.w
      value: 1
      objectReference: {fileID: 0}
    - target: {fileID: 4832862163055628, guid: 8714175e6bc473943acf254657e23e82, type: 3}
      propertyPath: m_RootOrder
      value: 7
      objectReference: {fileID: 0}
    m_RemovedComponents: []
  m_SourcePrefab: {fileID: 100100000, guid: 8714175e6bc473943acf254657e23e82, type: 3}
--- !u!4 &566325328 stripped
Transform:
  m_CorrespondingSourceObject: {fileID: 4832862163055628, guid: 8714175e6bc473943acf254657e23e82,
    type: 3}
  m_PrefabInstance: {fileID: 566325327}
  m_PrefabAsset: {fileID: 0}
--- !u!1001 &1152789449
PrefabInstance:
  m_ObjectHideFlags: 0
  serializedVersion: 2
  m_Modification:
    m_TransformParent: {fileID: 1896825302}
    m_Modifications:
    - target: {fileID: 4998390315166358, guid: 4bd0dc111ed6ad943bce93cc516425ce, type: 3}
      propertyPath: m_LocalPosition.x
      value: 1.9
      objectReference: {fileID: 0}
    - target: {fileID: 4998390315166358, guid: 4bd0dc111ed6ad943bce93cc516425ce, type: 3}
      propertyPath: m_LocalPosition.y
      value: -9.4
      objectReference: {fileID: 0}
    - target: {fileID: 4998390315166358, guid: 4bd0dc111ed6ad943bce93cc516425ce, type: 3}
      propertyPath: m_LocalPosition.z
      value: 0
      objectReference: {fileID: 0}
    - target: {fileID: 4998390315166358, guid: 4bd0dc111ed6ad943bce93cc516425ce, type: 3}
      propertyPath: m_LocalRotation.x
      value: -0
      objectReference: {fileID: 0}
    - target: {fileID: 4998390315166358, guid: 4bd0dc111ed6ad943bce93cc516425ce, type: 3}
      propertyPath: m_LocalRotation.y
      value: -0
      objectReference: {fileID: 0}
    - target: {fileID: 4998390315166358, guid: 4bd0dc111ed6ad943bce93cc516425ce, type: 3}
      propertyPath: m_LocalRotation.z
      value: -0
      objectReference: {fileID: 0}
    - target: {fileID: 4998390315166358, guid: 4bd0dc111ed6ad943bce93cc516425ce, type: 3}
      propertyPath: m_LocalRotation.w
      value: 1
      objectReference: {fileID: 0}
    - target: {fileID: 4998390315166358, guid: 4bd0dc111ed6ad943bce93cc516425ce, type: 3}
      propertyPath: m_RootOrder
      value: 8
      objectReference: {fileID: 0}
    m_RemovedComponents: []
  m_SourcePrefab: {fileID: 100100000, guid: 4bd0dc111ed6ad943bce93cc516425ce, type: 3}
--- !u!4 &1152789450 stripped
Transform:
  m_CorrespondingSourceObject: {fileID: 4998390315166358, guid: 4bd0dc111ed6ad943bce93cc516425ce,
    type: 3}
  m_PrefabInstance: {fileID: 1152789449}
  m_PrefabAsset: {fileID: 0}
--- !u!1 &1231441609
GameObject:
  m_ObjectHideFlags: 0
  m_CorrespondingSourceObject: {fileID: 1841212307476964, guid: fe8f941299a16094a8a822a18b113c86,
    type: 3}
  m_PrefabInstance: {fileID: 0}
  m_PrefabAsset: {fileID: 0}
  serializedVersion: 6
  m_Component:
  - component: {fileID: 1231441610}
  - component: {fileID: 1231441611}
  m_Layer: 0
  m_Name: configure
  m_TagString: Untagged
  m_Icon: {fileID: 0}
  m_NavMeshLayer: 0
  m_StaticEditorFlags: 0
  m_IsActive: 1
--- !u!4 &1231441610
Transform:
  m_ObjectHideFlags: 0
  m_CorrespondingSourceObject: {fileID: 4217711387486724, guid: fe8f941299a16094a8a822a18b113c86,
    type: 3}
  m_PrefabInstance: {fileID: 0}
  m_PrefabAsset: {fileID: 0}
  m_GameObject: {fileID: 1231441609}
  m_LocalRotation: {x: -0, y: -0, z: -0, w: 1}
  m_LocalPosition: {x: 0.00021743774, y: 0.45035362, z: 0}
  m_LocalScale: {x: 1, y: 1, z: 1}
  m_Children: []
  m_Father: {fileID: 1896825302}
  m_RootOrder: 3
  m_LocalEulerAnglesHint: {x: 0, y: 0, z: 0}
--- !u!114 &1231441611
MonoBehaviour:
  m_ObjectHideFlags: 0
  m_CorrespondingSourceObject: {fileID: 114961909599022070, guid: fe8f941299a16094a8a822a18b113c86,
    type: 3}
  m_PrefabInstance: {fileID: 0}
  m_PrefabAsset: {fileID: 0}
  m_GameObject: {fileID: 1231441609}
  m_Enabled: 1
  m_EditorHideFlags: 0
  m_Script: {fileID: 11500000, guid: 5ebd69833573b2c43b600c1d42066657, type: 3}
  m_Name: 
  m_EditorClassIdentifier: 
--- !u!1001 &1486940976
PrefabInstance:
  m_ObjectHideFlags: 0
  serializedVersion: 2
  m_Modification:
    m_TransformParent: {fileID: 1896825302}
    m_Modifications:
    - target: {fileID: 4747531631109800, guid: 3d0f7a43bfbc81f45a97ce24584d32d5, type: 3}
      propertyPath: m_LocalPosition.x
      value: -20
      objectReference: {fileID: 0}
    - target: {fileID: 4747531631109800, guid: 3d0f7a43bfbc81f45a97ce24584d32d5, type: 3}
      propertyPath: m_LocalPosition.y
      value: -9.6
      objectReference: {fileID: 0}
    - target: {fileID: 4747531631109800, guid: 3d0f7a43bfbc81f45a97ce24584d32d5, type: 3}
      propertyPath: m_LocalPosition.z
      value: 0
      objectReference: {fileID: 0}
    - target: {fileID: 4747531631109800, guid: 3d0f7a43bfbc81f45a97ce24584d32d5, type: 3}
      propertyPath: m_LocalRotation.x
      value: -0
      objectReference: {fileID: 0}
    - target: {fileID: 4747531631109800, guid: 3d0f7a43bfbc81f45a97ce24584d32d5, type: 3}
      propertyPath: m_LocalRotation.y
      value: -0
      objectReference: {fileID: 0}
    - target: {fileID: 4747531631109800, guid: 3d0f7a43bfbc81f45a97ce24584d32d5, type: 3}
      propertyPath: m_LocalRotation.z
      value: -0
      objectReference: {fileID: 0}
    - target: {fileID: 4747531631109800, guid: 3d0f7a43bfbc81f45a97ce24584d32d5, type: 3}
      propertyPath: m_LocalRotation.w
      value: 1
      objectReference: {fileID: 0}
    - target: {fileID: 4747531631109800, guid: 3d0f7a43bfbc81f45a97ce24584d32d5, type: 3}
      propertyPath: m_RootOrder
      value: 5
      objectReference: {fileID: 0}
    - target: {fileID: 4747531631109800, guid: 3d0f7a43bfbc81f45a97ce24584d32d5, type: 3}
      propertyPath: m_LocalScale.y
      value: 4
      objectReference: {fileID: 0}
    - target: {fileID: 114721404689297260, guid: 3d0f7a43bfbc81f45a97ce24584d32d5,
        type: 3}
      propertyPath: axis.y
      value: 1
      objectReference: {fileID: 0}
    - target: {fileID: 114721404689297260, guid: 3d0f7a43bfbc81f45a97ce24584d32d5,
        type: 3}
      propertyPath: how_far
      value: 6
      objectReference: {fileID: 0}
    - target: {fileID: 114721404689297260, guid: 3d0f7a43bfbc81f45a97ce24584d32d5,
        type: 3}
      propertyPath: cycle_time
      value: 3
      objectReference: {fileID: 0}
    - target: {fileID: 114721404689297260, guid: 3d0f7a43bfbc81f45a97ce24584d32d5,
        type: 3}
      propertyPath: moves
      value: 1
      objectReference: {fileID: 0}
    m_RemovedComponents: []
  m_SourcePrefab: {fileID: 100100000, guid: 3d0f7a43bfbc81f45a97ce24584d32d5, type: 3}
--- !u!4 &1486940977 stripped
Transform:
  m_CorrespondingSourceObject: {fileID: 4747531631109800, guid: 3d0f7a43bfbc81f45a97ce24584d32d5,
    type: 3}
  m_PrefabInstance: {fileID: 1486940976}
  m_PrefabAsset: {fileID: 0}
--- !u!1 &1721542948
GameObject:
  m_ObjectHideFlags: 0
  m_CorrespondingSourceObject: {fileID: 1626873067656596, guid: fe8f941299a16094a8a822a18b113c86,
    type: 3}
  m_PrefabInstance: {fileID: 0}
  m_PrefabAsset: {fileID: 0}
  serializedVersion: 6
  m_Component:
  - component: {fileID: 1721542949}
  m_Layer: 0
  m_Name: spawn_point
  m_TagString: spawn
  m_Icon: {fileID: 0}
  m_NavMeshLayer: 0
  m_StaticEditorFlags: 0
  m_IsActive: 1
--- !u!4 &1721542949
Transform:
  m_ObjectHideFlags: 0
  m_CorrespondingSourceObject: {fileID: 4282901249779516, guid: fe8f941299a16094a8a822a18b113c86,
    type: 3}
  m_PrefabInstance: {fileID: 0}
  m_PrefabAsset: {fileID: 0}
  m_GameObject: {fileID: 1721542948}
  m_LocalRotation: {x: -0, y: -0, z: -0, w: 1}
  m_LocalPosition: {x: 0, y: 0, z: 0}
  m_LocalScale: {x: 1, y: 1, z: 1}
  m_Children: []
  m_Father: {fileID: 1738931496}
  m_RootOrder: 0
  m_LocalEulerAnglesHint: {x: 0, y: 0, z: 0}
--- !u!1 &1738931495
GameObject:
  m_ObjectHideFlags: 0
  m_CorrespondingSourceObject: {fileID: 1185125551782484, guid: fe8f941299a16094a8a822a18b113c86,
    type: 3}
  m_PrefabInstance: {fileID: 0}
  m_PrefabAsset: {fileID: 0}
  serializedVersion: 6
  m_Component:
  - component: {fileID: 1738931496}
  - component: {fileID: 1738931502}
  - component: {fileID: 1738931501}
  - component: {fileID: 1738931500}
  - component: {fileID: 1738931499}
  - component: {fileID: 1738931498}
  - component: {fileID: 1738931497}
  m_Layer: 8
  m_Name: spawn_core
  m_TagString: rotor
  m_Icon: {fileID: 0}
  m_NavMeshLayer: 0
  m_StaticEditorFlags: 0
  m_IsActive: 1
--- !u!4 &1738931496
Transform:
  m_ObjectHideFlags: 0
  m_CorrespondingSourceObject: {fileID: 4216736270710024, guid: fe8f941299a16094a8a822a18b113c86,
    type: 3}
  m_PrefabInstance: {fileID: 0}
  m_PrefabAsset: {fileID: 0}
  m_GameObject: {fileID: 1738931495}
  m_LocalRotation: {x: -0, y: -0, z: -0, w: 1}
  m_LocalPosition: {x: -27.553043, y: -9.951721, z: 0}
  m_LocalScale: {x: 1, y: 1, z: 1}
  m_Children:
  - {fileID: 1721542949}
  m_Father: {fileID: 1896825302}
  m_RootOrder: 0
  m_LocalEulerAnglesHint: {x: 0, y: 0, z: 0}
--- !u!65 &1738931497
BoxCollider:
  m_ObjectHideFlags: 0
  m_CorrespondingSourceObject: {fileID: 65805376653085262, guid: fe8f941299a16094a8a822a18b113c86,
    type: 3}
  m_PrefabInstance: {fileID: 0}
  m_PrefabAsset: {fileID: 0}
  m_GameObject: {fileID: 1738931495}
  m_Material: {fileID: 0}
  m_IsTrigger: 0
  m_Enabled: 1
  serializedVersion: 2
  m_Size: {x: 1, y: 1, z: 1}
  m_Center: {x: 0, y: 0, z: 0}
--- !u!108 &1738931498
Light:
  m_ObjectHideFlags: 0
  m_CorrespondingSourceObject: {fileID: 108823396462755238, guid: fe8f941299a16094a8a822a18b113c86,
    type: 3}
  m_PrefabInstance: {fileID: 0}
  m_PrefabAsset: {fileID: 0}
  m_GameObject: {fileID: 1738931495}
  m_Enabled: 1
  serializedVersion: 10
  m_Type: 2
  m_Shape: 0
  m_Color: {r: 1, g: 0, b: 0, a: 0}
  m_Intensity: 1
  m_Range: 1
  m_SpotAngle: 30
  m_InnerSpotAngle: 21.80208
  m_CookieSize: 10
  m_Shadows:
    m_Type: 0
    m_Resolution: -1
    m_CustomResolution: -1
    m_Strength: 1
    m_Bias: 0.05
    m_NormalBias: 0.4
    m_NearPlane: 0.2
    m_CullingMatrixOverride:
      e00: 1
      e01: 0
      e02: 0
      e03: 0
      e10: 0
      e11: 1
      e12: 0
      e13: 0
      e20: 0
      e21: 0
      e22: 1
      e23: 0
      e30: 0
      e31: 0
      e32: 0
      e33: 1
    m_UseCullingMatrixOverride: 0
  m_Cookie: {fileID: 0}
  m_DrawHalo: 1
  m_Flare: {fileID: 0}
  m_RenderMode: 0
  m_CullingMask:
    serializedVersion: 2
    m_Bits: 0
  m_RenderingLayerMask: 1
  m_Lightmapping: 4
  m_LightShadowCasterMode: 0
  m_AreaSize: {x: 1, y: 1}
  m_BounceIntensity: 1
  m_ColorTemperature: 6570
  m_UseColorTemperature: 0
  m_BoundingSphereOverride: {x: 0, y: 0, z: 0, w: 0}
  m_UseBoundingSphereOverride: 0
  m_ShadowRadius: 0
  m_ShadowAngle: 0
--- !u!54 &1738931499
Rigidbody:
  m_ObjectHideFlags: 0
  m_CorrespondingSourceObject: {fileID: 54279651791302146, guid: fe8f941299a16094a8a822a18b113c86,
    type: 3}
  m_PrefabInstance: {fileID: 0}
  m_PrefabAsset: {fileID: 0}
  m_GameObject: {fileID: 1738931495}
  serializedVersion: 2
  m_Mass: 1
  m_Drag: 0
  m_AngularDrag: 0.05
  m_UseGravity: 1
  m_IsKinematic: 0
  m_Interpolate: 0
  m_Constraints: 126
  m_CollisionDetection: 0
--- !u!114 &1738931500
MonoBehaviour:
  m_ObjectHideFlags: 0
  m_CorrespondingSourceObject: {fileID: 114990763297461406, guid: fe8f941299a16094a8a822a18b113c86,
    type: 3}
  m_PrefabInstance: {fileID: 0}
  m_PrefabAsset: {fileID: 0}
  m_GameObject: {fileID: 1738931495}
  m_Enabled: 1
  m_EditorHideFlags: 0
  m_Script: {fileID: 11500000, guid: 0b190b2bfaf2a7b4689bf6e36f55e86a, type: 3}
  m_Name: 
  m_EditorClassIdentifier: 
  type: 0
  deactivates: 0
--- !u!23 &1738931501
MeshRenderer:
  m_ObjectHideFlags: 0
  m_CorrespondingSourceObject: {fileID: 23463733113426360, guid: fe8f941299a16094a8a822a18b113c86,
    type: 3}
  m_PrefabInstance: {fileID: 0}
  m_PrefabAsset: {fileID: 0}
  m_GameObject: {fileID: 1738931495}
  m_Enabled: 1
  m_CastShadows: 1
  m_ReceiveShadows: 1
  m_DynamicOccludee: 1
  m_MotionVectors: 1
  m_LightProbeUsage: 1
  m_ReflectionProbeUsage: 1
  m_RayTracingMode: 2
  m_RayTraceProcedural: 0
  m_RenderingLayerMask: 1
  m_RendererPriority: 0
  m_Materials:
  - {fileID: 2100000, guid: 6b51e5fa1af809e46864c0e34c7abac9, type: 2}
  m_StaticBatchInfo:
    firstSubMesh: 0
    subMeshCount: 0
  m_StaticBatchRoot: {fileID: 0}
  m_ProbeAnchor: {fileID: 0}
  m_LightProbeVolumeOverride: {fileID: 0}
  m_ScaleInLightmap: 1
  m_ReceiveGI: 1
  m_PreserveUVs: 1
  m_IgnoreNormalsForChartDetection: 0
  m_ImportantGI: 0
  m_StitchLightmapSeams: 0
  m_SelectedEditorRenderState: 3
  m_MinimumChartSize: 4
  m_AutoUVMaxDistance: 0.5
  m_AutoUVMaxAngle: 89
  m_LightmapParameters: {fileID: 0}
  m_SortingLayerID: 0
  m_SortingLayer: 0
  m_SortingOrder: 0
  m_AdditionalVertexStreams: {fileID: 0}
--- !u!33 &1738931502
MeshFilter:
  m_ObjectHideFlags: 0
  m_CorrespondingSourceObject: {fileID: 33255634092751446, guid: fe8f941299a16094a8a822a18b113c86,
    type: 3}
  m_PrefabInstance: {fileID: 0}
  m_PrefabAsset: {fileID: 0}
  m_GameObject: {fileID: 1738931495}
  m_Mesh: {fileID: 10202, guid: 0000000000000000e000000000000000, type: 0}
--- !u!1 &1849548976
GameObject:
  m_ObjectHideFlags: 0
  m_CorrespondingSourceObject: {fileID: 1899485895347202, guid: fe8f941299a16094a8a822a18b113c86,
    type: 3}
  m_PrefabInstance: {fileID: 0}
  m_PrefabAsset: {fileID: 0}
  serializedVersion: 6
  m_Component:
  - component: {fileID: 1896825302}
  m_Layer: 0
  m_Name: Level 2
  m_TagString: level
  m_Icon: {fileID: 0}
  m_NavMeshLayer: 0
  m_StaticEditorFlags: 0
  m_IsActive: 1
--- !u!4 &1896825302
Transform:
  m_ObjectHideFlags: 0
  m_CorrespondingSourceObject: {fileID: 4577239760566608, guid: fe8f941299a16094a8a822a18b113c86,
    type: 3}
  m_PrefabInstance: {fileID: 0}
  m_PrefabAsset: {fileID: 0}
  m_GameObject: {fileID: 1849548976}
  m_LocalRotation: {x: 0, y: 0, z: 0, w: 1}
  m_LocalPosition: {x: -1.3, y: -1, z: 0}
  m_LocalScale: {x: 1, y: 1, z: 1}
  m_Children:
  - {fileID: 1738931496}
  - {fileID: 2132696240}
  - {fileID: 1909644955}
  - {fileID: 1231441610}
  - {fileID: 1486940977}
  - {fileID: 57980427}
  - {fileID: 566325328}
  - {fileID: 1152789450}
  - {fileID: 59268150}
  m_Father: {fileID: 0}
  m_RootOrder: 0
  m_LocalEulerAnglesHint: {x: 0, y: 0, z: 0}
--- !u!1001 &1909644954
PrefabInstance:
  m_ObjectHideFlags: 0
  serializedVersion: 2
  m_Modification:
    m_TransformParent: {fileID: 1896825302}
    m_Modifications:
    - target: {fileID: 1292360075579206, guid: 7637c5cfdc967c6409965fa3bd70fce5, type: 3}
      propertyPath: m_Name
      value: finish
      objectReference: {fileID: 0}
    - target: {fileID: 4663397896822660, guid: 7637c5cfdc967c6409965fa3bd70fce5, type: 3}
      propertyPath: m_LocalPosition.x
      value: 32.3
      objectReference: {fileID: 0}
    - target: {fileID: 4663397896822660, guid: 7637c5cfdc967c6409965fa3bd70fce5, type: 3}
      propertyPath: m_LocalPosition.y
      value: -9.6
      objectReference: {fileID: 0}
    - target: {fileID: 4663397896822660, guid: 7637c5cfdc967c6409965fa3bd70fce5, type: 3}
      propertyPath: m_LocalPosition.z
      value: 0
      objectReference: {fileID: 0}
    - target: {fileID: 4663397896822660, guid: 7637c5cfdc967c6409965fa3bd70fce5, type: 3}
      propertyPath: m_LocalRotation.x
      value: -0
      objectReference: {fileID: 0}
    - target: {fileID: 4663397896822660, guid: 7637c5cfdc967c6409965fa3bd70fce5, type: 3}
      propertyPath: m_LocalRotation.y
      value: -0
      objectReference: {fileID: 0}
    - target: {fileID: 4663397896822660, guid: 7637c5cfdc967c6409965fa3bd70fce5, type: 3}
      propertyPath: m_LocalRotation.z
      value: -0
      objectReference: {fileID: 0}
    - target: {fileID: 4663397896822660, guid: 7637c5cfdc967c6409965fa3bd70fce5, type: 3}
      propertyPath: m_LocalRotation.w
      value: 1
      objectReference: {fileID: 0}
    - target: {fileID: 4663397896822660, guid: 7637c5cfdc967c6409965fa3bd70fce5, type: 3}
      propertyPath: m_RootOrder
      value: 3
      objectReference: {fileID: 0}
    - target: {fileID: 4663397896822660, guid: 7637c5cfdc967c6409965fa3bd70fce5, type: 3}
      propertyPath: m_LocalEulerAnglesHint.x
      value: 0
      objectReference: {fileID: 0}
    - target: {fileID: 4663397896822660, guid: 7637c5cfdc967c6409965fa3bd70fce5, type: 3}
      propertyPath: m_LocalEulerAnglesHint.y
      value: 0
      objectReference: {fileID: 0}
    - target: {fileID: 4663397896822660, guid: 7637c5cfdc967c6409965fa3bd70fce5, type: 3}
      propertyPath: m_LocalEulerAnglesHint.z
      value: 0
      objectReference: {fileID: 0}
    m_RemovedComponents: []
  m_SourcePrefab: {fileID: 100100000, guid: 7637c5cfdc967c6409965fa3bd70fce5, type: 3}
--- !u!4 &1909644955 stripped
Transform:
  m_CorrespondingSourceObject: {fileID: 4663397896822660, guid: 7637c5cfdc967c6409965fa3bd70fce5,
    type: 3}
  m_PrefabInstance: {fileID: 1909644954}
  m_PrefabAsset: {fileID: 0}
--- !u!1001 &2132696239
PrefabInstance:
  m_ObjectHideFlags: 0
  serializedVersion: 2
  m_Modification:
    m_TransformParent: {fileID: 1896825302}
    m_Modifications:
    - target: {fileID: 4453115547604074, guid: 129aef55e96861148a2991f8d88d6c69, type: 3}
      propertyPath: m_LocalPosition.x
      value: -27.52
      objectReference: {fileID: 0}
    - target: {fileID: 4453115547604074, guid: 129aef55e96861148a2991f8d88d6c69, type: 3}
      propertyPath: m_LocalPosition.y
      value: -8.84
      objectReference: {fileID: 0}
    - target: {fileID: 4453115547604074, guid: 129aef55e96861148a2991f8d88d6c69, type: 3}
      propertyPath: m_LocalPosition.z
      value: 0
      objectReference: {fileID: 0}
    - target: {fileID: 4453115547604074, guid: 129aef55e96861148a2991f8d88d6c69, type: 3}
      propertyPath: m_LocalRotation.x
      value: -0
      objectReference: {fileID: 0}
    - target: {fileID: 4453115547604074, guid: 129aef55e96861148a2991f8d88d6c69, type: 3}
      propertyPath: m_LocalRotation.y
      value: -0
      objectReference: {fileID: 0}
    - target: {fileID: 4453115547604074, guid: 129aef55e96861148a2991f8d88d6c69, type: 3}
      propertyPath: m_LocalRotation.z
      value: -0
      objectReference: {fileID: 0}
    - target: {fileID: 4453115547604074, guid: 129aef55e96861148a2991f8d88d6c69, type: 3}
      propertyPath: m_LocalRotation.w
      value: 1
      objectReference: {fileID: 0}
    - target: {fileID: 4453115547604074, guid: 129aef55e96861148a2991f8d88d6c69, type: 3}
      propertyPath: m_RootOrder
      value: 1
      objectReference: {fileID: 0}
    - target: {fileID: 4833013860505742, guid: 129aef55e96861148a2991f8d88d6c69, type: 3}
      propertyPath: m_LocalPosition.x
      value: -27.49
      objectReference: {fileID: 0}
    - target: {fileID: 4833013860505742, guid: 129aef55e96861148a2991f8d88d6c69, type: 3}
      propertyPath: m_LocalPosition.y
      value: -8.61
      objectReference: {fileID: 0}
    - target: {fileID: 4833013860505742, guid: 129aef55e96861148a2991f8d88d6c69, type: 3}
      propertyPath: m_RootOrder
      value: 1
      objectReference: {fileID: 0}
    - target: {fileID: 114310685252741650, guid: 129aef55e96861148a2991f8d88d6c69,
        type: 3}
      propertyPath: black_hole_loss
      value: 0.4
      objectReference: {fileID: 0}
    - target: {fileID: 114414269114015910, guid: 129aef55e96861148a2991f8d88d6c69,
        type: 3}
      propertyPath: no_rotate_time
      value: 7
      objectReference: {fileID: 0}
    m_RemovedComponents: []
  m_SourcePrefab: {fileID: 100100000, guid: 129aef55e96861148a2991f8d88d6c69, type: 3}
--- !u!4 &2132696240 stripped
Transform:
  m_CorrespondingSourceObject: {fileID: 4833013860505742, guid: 129aef55e96861148a2991f8d88d6c69,
    type: 3}
  m_PrefabInstance: {fileID: 2132696239}
  m_PrefabAsset: {fileID: 0}
